<?xml version="1.0" encoding="UTF-8"?><collection xmlns="http://www.loc.gov/MARC21/slim"><record><leader>00384nam--2200145-i-4500</leader><controlfield tag="001">000004328</controlfield><controlfield tag="002">20161230</controlfield><controlfield tag="005">20170306225049</controlfield><controlfield tag="008">060222s1000------------r-----000-0-eng-d</controlfield><datafield ind1=" " ind2=" " tag="100"><subfield code="a">Boer, Bram De</subfield></datafield><datafield ind1=" " ind2=" " tag="245"><subfield code="a">Kernenergie. Ein inleiding tot de reaktorkunde</subfield></datafield><datafield ind1=" " ind2=" " tag="260"><subfield code="a">Djakarta</subfield><subfield code="b">J.B.Wolters-groningen</subfield><subfield code="c">1955</subfield></datafield><datafield ind1=" " ind2=" " tag="300"><subfield code="a">120 p</subfield></datafield><datafield ind1=" " ind2=" " tag="700"><subfield code="a">Boggardt, M</subfield></datafield><datafield ind1=" " ind2=" " tag="CAT"><subfield code="a">SYS</subfield><subfield code="c">20170306</subfield><subfield code="h">225049</subfield></datafield></record></collection>